<?xml version="1.0" encoding="UTF-8"?><collection xmlns="http://www.loc.gov/MARC21/slim"><record><leader>00459nam--2200145-i-4500</leader><controlfield tag="001">000003564</controlfield><controlfield tag="002">20161230</controlfield><controlfield tag="005">20161230201025</controlfield><controlfield tag="008">060222s1000------------r-----000-0-eng-d</controlfield><datafield ind1=" " ind2=" " tag="080"><subfield code="a">518.621.396</subfield></datafield><datafield ind1=" " ind2=" " tag="100"><subfield code="a">Beatty, R.T</subfield></datafield><datafield ind1=" " ind2=" " tag="245"><subfield code="a">Radio data charts. a series of forthythree aba cs providing most of the essential data requir ed in receiver design. fifth edition</subfield></datafield><datafield ind1=" " ind2=" " tag="260"><subfield code="a">London,  Cornwall Press , 1949 91 P</subfield></datafield><datafield ind1=" " ind2=" " tag="490"><subfield code="a">Associated Iliffe</subfield></datafield><datafield ind1=" " ind2=" " tag="852"><subfield code="a">1034</subfield></datafield></record></collection>